@book{Theisen2008,
  author = {Theisen, Manuel René},
  title = {Wissenschaftliches Arbeiten: Technik - Methodik - Form},
  edition = {14., neu bearbeitete Auflage.},
  publisher = {Vahlen},
  address = {München},
  year = 2008
}

@book{Gaitanides2007,
  address 	= {München},
  author 	= {Gaitanides, M.},
  edition 	= {2},
  keywords 	= {Prozessmanagement},
  publisher = {Vahlen},
  title 	= {Prozessorganisation},
  year 		= {2007}
}

@inproceedings{Fran07Konfig,
  Title                    = {{Ein Vorschlag zur Konfiguration von Forschungsmethoden in der Wirtschaftsinformatik}},
  Author                   = {Frank, U.},
  Booktitle                = {Wissenschaftstheoretische Fundierung und wissenschaftliche Orientierung der Wirtschaftsinformatik},
  Editor                   = {Franz Lehner and Stephan Zelewski},
  Year                     = {2007},
  Pages                    = {158--185},
  Publisher                = {GITO},
  Address                  = {Berlin}
}

@techreport{Fran08MML,
	Title                    = {{T}he {M}{E}{M}{O} {M}eta {M}odelling {L}anguage ({M}{M}{L}) and {L}anguage {A}rchitecture},
	Author                   = {Frank, U.},
	Institution              = {Institute for Computer Science and Business Information Systems, Duisburg-Essen University},
	Year                     = {2008},
	Number                   = {24},
	Type                     = {ICB-Research Report},
	Address                  = {Essen, Germany}
}

@Article{Strecker2010,
	Title                    = {{RiskM}: A multi-perspective modeling method for IT risk assessment},
	Author                   = {Strecker, S. and Heise, D. and Frank, U.},
	Year                     = {2010},
	volume					 = {13},
	number					 = {4},
	pages 					 = {595--611},
	Journal                  = {Information Systems Frontiers}
}

@incollection{smith2018,
  author    = {},
  title     = {ISO/IEC Standard for Systems and Software Engineering - Recommended Practice for Architectural Description of Software-Intensive System},
  booktitle = {},
  editor    = {},
  publisher = {Institute of Electrical and Electronics Engineers, Inc.},
  year      = {2007},
  pages     = {1--24}
}

@online{VerbandHochschulehrer2025,
  author  = {},
  title   = {Verband der Hochschullehrerinnen und Hochschullehrer für Betriebswirtschaft e.V.},
  year    = {2025},
  url     = {https://www.vhbonline.org/fileadmin/vhb/Services/vhb-rating/WI/VHB_Rating_2024_Area_rating_WI.pdf},
  urldate = {2025-05-12} % Datum deines Abrufs
}

@online{Duden25,
  author  = {Cornelsen Verlag GmbH},
  title   = {www.duden.de},
  year    = {2025},
  url     = {https://www.duden.de/node/6189/revision/1361659},
  urldate = {2025-06-20} % Datum deines Abrufs
}

@book{Balzert2009,
  author    = {Balzert, Helmut},
  title     = {Lehrbuch der Softwaretechnik - Basiskonzepte und Requirements Engineering},
  publisher = {Spektrum Akademischer Verlag},
  year      = {2009},
  edition   = {3},
  address   = {Heidelberg}
}

@online{GablerLex25,
  author  = {Bendel,Oliver},
  title   = {Gabler Wirtschaftslexikon},
  year    = {2025},
  url     = {https://wirtschaftslexikon.gabler.de/definition/sprache-124739/version-388115},
  urldate = {2025-05-12} % Datum deines Abrufs
}

%bei Brooke noch Darstellung überprüfen 
@inproceedings{Brooke09, 
author = {Brocke, Jan vom and Simons, Alexander and Niehaves, Björn and Riemer, Kai and Plattfaut, Ralf and Cleven, Anne},
year = {2009},
month = {06},
pages = {},
title = {Reconstructing the Giant: On the Importance of Rigour in Documenting the Literature Search Process},
% booktitle =Conference: 17th European Conference on Information Systems (ECIS)  
journal = {http://www.alexandria.unisg.ch/Publikationen/67910}
}
@online{CarnegyMellon25,
  author  = {Carnegie-Mellon-University},
  title   = {What is your definition of software architecture?},
  year    = {2025},
  url     = {https://insights.sei.cmu.edu/library/what-is-your-definition-of-software-architecture/},
  urldate = {2025-09-06} % Datum deines Abrufs
}

@incollection{incollection,
author = "Schalles, Christian and Rebstock, Michael and Creagh, John",
title = "Ein generischer Ansatz zur Messung der Benutzerfreundlichkeit von Modellierungssprachen",
year = 2010,
booktitle = "Modellierung 2010",
publisher = "Gesellschaft für Informatik e.V.",
address = "Bonn",
pissn = "1617-5468",
isbn = "978-3-88579-255-0",
pages = "15--30",
}

@book{Drescher2017,
  author    = {Drescher, Andreas and Koschmider, Agnes and Oberweis, Andreas},
  title     = {Modellierung und Analyse von Geschäftsprozessen},
  publisher = {De Gruyter},
  year      = {2017},
  edition   = {},
  address   = {Berlin}
}
@book{Ebert2019,
  author    = {Ebert, Christof},
  title     = {Systematisches Requirements Engineering - Anforderungen ermitteln, dokumentieren, analysieren und verwalten},
  publisher = {dpunkt.verlag GmbH},
  year      = {2019},
  edition   = {7},
  address   = {Heidelberg}
}
@Misc{ubo_mods_00003554,
  author = 	{Frank, Ulrich
		and van Laak, Bodo L.},
  title = 	{Anforderungen an Sprachen zur Modellierung von Gesch{\"a}ftsprozessen},
  year = 	{2003},
  publisher = 	{Universit{\"a}t Koblenz-Landau, Institut f{\"u}r Wirtschaftsinformatik},
  address = 	{Koblenz},
  volume = 	{34},
  url = 	{http://www.wi-inf.uni-duisburg-essen.de/FGFrank/documents/Arbeitsberichte_Koblenz/Nr34.pdf},
  language = 	{de}
}

% untenstehende Referenz Fra13 evtl noch anders darstellen

@article{Fra13,
author = {Frank, Ulrich},
year = {2013},
month = {01},
pages = {},
title = {Outline of a method for designing domain-specific modelling languages}
}

@book{Gol23,
  author    = {Goll, Joachim and Watzko, Michael and Micha, Kolle},
  title     = {Architektur- und Entwurfsmuster der Softwaretechnik Mit lauffähigen Beispielen in Java},
  publisher = {Springer Verlag},
  year      = {2023},
  edition   = {2},
  address   = {Wiesbaden}
}